# Página web (Wikipedia)
@misc{bommasani2022opportunitiesrisksfoundationmodels,
	title={On the Opportunities and Risks of Foundation Models}, 
	author={Rishi Bommasani and Drew A. Hudson and Ehsan Adeli and Russ Altman and Simran Arora and Sydney von Arx and Michael S. Bernstein and Jeannette Bohg and Antoine Bosselut and Emma Brunskill and Erik Brynjolfsson and Shyamal Buch and Dallas Card and Rodrigo Castellon and Niladri Chatterji and Annie Chen and Kathleen Creel and Jared Quincy Davis and Dora Demszky and Chris Donahue and Moussa Doumbouya and Esin Durmus and Stefano Ermon and John Etchemendy and Kawin Ethayarajh and Li Fei-Fei and Chelsea Finn and Trevor Gale and Lauren Gillespie and Karan Goel and Noah Goodman and Shelby Grossman and Neel Guha and Tatsunori Hashimoto and Peter Henderson and John Hewitt and Daniel E. Ho and Jenny Hong and Kyle Hsu and Jing Huang and Thomas Icard and Saahil Jain and Dan Jurafsky and Pratyusha Kalluri and Siddharth Karamcheti and Geoff Keeling and Fereshte Khani and Omar Khattab and Pang Wei Koh and Mark Krass and Ranjay Krishna and Rohith Kuditipudi and Ananya Kumar and Faisal Ladhak and Mina Lee and Tony Lee and Jure Leskovec and Isabelle Levent and Xiang Lisa Li and Xuechen Li and Tengyu Ma and Ali Malik and Christopher D. Manning and Suvir Mirchandani and Eric Mitchell and Zanele Munyikwa and Suraj Nair and Avanika Narayan and Deepak Narayanan and Ben Newman and Allen Nie and Juan Carlos Niebles and Hamed Nilforoshan and Julian Nyarko and Giray Ogut and Laurel Orr and Isabel Papadimitriou and Joon Sung Park and Chris Piech and Eva Portelance and Christopher Potts and Aditi Raghunathan and Rob Reich and Hongyu Ren and Frieda Rong and Yusuf Roohani and Camilo Ruiz and Jack Ryan and Christopher Ré and Dorsa Sadigh and Shiori Sagawa and Keshav Santhanam and Andy Shih and Krishnan Srinivasan and Alex Tamkin and Rohan Taori and Armin W. Thomas and Florian Tramèr and Rose E. Wang and William Wang and Bohan Wu and Jiajun Wu and Yuhuai Wu and Sang Michael Xie and Michihiro Yasunaga and Jiaxuan You and Matei Zaharia and Michael Zhang and Tianyi Zhang and Xikun Zhang and Yuhui Zhang and Lucia Zheng and Kaitlyn Zhou and Percy Liang},
	year={2022},
	eprint={2108.07258},
	archivePrefix={arXiv},
	primaryClass={cs.LG},
	url={https://arxiv.org/abs/2108.07258}, 
}

@misc{zhou2021informerefficienttransformerlong,
	title={Informer: Beyond Efficient Transformer for Long Sequence Time-Series Forecasting}, 
	author={Haoyi Zhou and Shanghang Zhang and Jieqi Peng and Shuai Zhang and Jianxin Li and Hui Xiong and Wancai Zhang},
	year={2021},
	eprint={2012.07436},
	archivePrefix={arXiv},
	primaryClass={cs.LG},
	url={https://arxiv.org/abs/2012.07436}, 
}

@misc{irani2025positionalencodingtransformerbasedtime,
	title={Positional Encoding in Transformer-Based Time Series Models: A Survey}, 
	author={Habib Irani and Vangelis Metsis},
	year={2025},
	eprint={2502.12370},
	archivePrefix={arXiv},
	primaryClass={cs.LG},
	url={https://arxiv.org/abs/2502.12370}, 
}

@misc{kitaev2020reformerefficienttransformer,
	title={Reformer: The Efficient Transformer}, 
	author={Nikita Kitaev and Łukasz Kaiser and Anselm Levskaya},
	year={2020},
	eprint={2001.04451},
	archivePrefix={arXiv},
	primaryClass={cs.LG},
	url={https://arxiv.org/abs/2001.04451}, 
}

@misc{vaswani2023attentionneed,
	title={Attention Is All You Need}, 
	author={Ashish Vaswani and Noam Shazeer and Niki Parmar and Jakob Uszkoreit and Llion Jones and Aidan N. Gomez and Lukasz Kaiser and Illia Polosukhin},
	year={2023},
	eprint={1706.03762},
	archivePrefix={arXiv},
	primaryClass={cs.CL},
	url={https://arxiv.org/abs/1706.03762}, 
}

@book{10.5555/574978,
	author = {Box, George Edward Pelham and Jenkins, Gwilym},
	title = {Time Series Analysis, Forecasting and Control},
	year = {1990},
	isbn = {0816211043},
	publisher = {Holden-Day, Inc.},
	address = {USA}
}

@Article{info15090517,
	AUTHOR = {Mienye, Ibomoiye Domor and Swart, Theo G. and Obaido, George},
	TITLE = {Recurrent Neural Networks: A Comprehensive Review of Architectures, Variants, and Applications},
	JOURNAL = {Information},
	VOLUME = {15},
	YEAR = {2024},
	NUMBER = {9},
	ARTICLE-NUMBER = {517},
	URL = {https://www.mdpi.com/2078-2489/15/9/517},
	ISSN = {2078-2489},
	DOI = {10.3390/info15090517}
}


@online{hyndman2021stationarity,
	author    = {Hyndman, Rob J. and Athanasopoulos, George},
	title     = {Forecasting: Principles and Practice - Stationarity and Differencing},
	year      = {2021},
	url       = {https://otexts.com/fpp2/stationarity.html},
	note      = {Accedido el 31 de julio de 2025},
	publisher = {OTexts}
}


@article{taylor2018prophet,
	title     = {Forecasting at scale},
	author    = {Taylor, Sean J. and Letham, Benjamin},
	journal   = {The American Statistician},
	volume    = {72},
	number    = {1},
	pages     = {37--45},
	year      = {2018},
	publisher = {Taylor \& Francis}
}


@book{box1970time,
	title     = {Time Series Analysis: Forecasting and Control},
	author    = {Box, George E. P. and Jenkins, Gwilym M.},
	year      = {1970},
	publisher = {Holden-Day},
	address   = {San Francisco}
}

@online{prophet2017,
	author    = {Sean J. Taylor and Benjamin Letham},
	title     = {Prophet: Forecasting at Scale},
	year      = {2017},
	url       = {https://research.facebook.com/blog/2017/02/prophet-forecasting-at-scale/},
	urldate   = {2025-07-29},
	note      = {Facebook Research Blog. Revisado el 30/07/2025}
}

@ARTICLE{6795963,
	author={Hochreiter, Sepp and Schmidhuber, Jürgen},
	journal={Neural Computation}, 
	title={Long Short-Term Memory}, 
	year={1997},
	volume={9},
	number={8},
	pages={1735-1780},@article{cleveland1990stl,
	title     = {STL: A Seasonal-Trend Decomposition Procedure Based on Loess},
	author    = {Cleveland, Robert B. and Cleveland, William S. and McRae, Jean E. and Terpenning, Irma},
	journal   = {Journal of Official Statistics},
	volume    = {6},
	number    = {1},
	pages     = {3--73},
	year      = {1990},
	publisher = {Statistics Sweden}
	}
	
	keywords={},
	doi={10.1162/neco.1997.9.8.1735}}
	
@book{box1976time,
		title     = {Time Series Analysis: Forecasting and Control},
		author    = {Box, George E. P. and Jenkins, Gwilym M. and Reinsel, Gregory C.},
		year      = {1976},
		publisher = {Holden-Day},
		note      = {AirPassengers dataset}
	}

@article{cleveland1990stl,
	title     = {STL: A Seasonal-Trend Decomposition Procedure Based on Loess},
	author    = {Cleveland, Robert B. and Cleveland, William S. and McRae, Jean E. and Terpenning, Irma},
	journal   = {Journal of Official Statistics},
	volume    = {6},
	number    = {1},
	pages     = {3--73},
	year      = {1990},
	publisher = {Statistics Sweden}
}


@misc{techcharts2012housing,
		author       = {Aksel Kibar},
		title        = {U.S. Housing Starts. U.S. Building Permits},
		year         = {2012},
		howpublished = {\url{https://blog.techcharts.net/index.php/2012/06/19/u-s-housing-starts-u-s-building-permits/}},
		note         = {Consultado el 25 de julio de 2025}
	}